<?xml version="1.0" encoding="UTF-8"?><collection xmlns="http://www.loc.gov/MARC21/slim"><record><leader>00296nam--2200121-i-4500</leader><controlfield tag="001">000037890</controlfield><controlfield tag="002">20161230</controlfield><controlfield tag="005">20161230201041</controlfield><controlfield tag="008">060222s1000------------r-----000-0-eng-d</controlfield><datafield ind1=" " ind2=" " tag="080"><subfield code="a">539.12.08</subfield></datafield><datafield ind1=" " ind2=" " tag="245"><subfield code="a">Rapport d`activite - decembre 1965 -</subfield></datafield><datafield ind1=" " ind2=" " tag="260"><subfield code="a">Le Vesinet, Inserm, 1965, 12p</subfield></datafield><datafield ind1=" " ind2=" " tag="852"><subfield code="a">23742</subfield></datafield></record></collection>